<record><leader>00000cas a22000007a 4500</leader><controlfield tag="001">20821588</controlfield><controlfield tag="008">891227c19559999mouwr ne      0    0eng d</controlfield><datafield ind1=" " ind2=" " tag="010"><subfield code="a">sn 89067573 </subfield></datafield><datafield ind1=" " ind2=" " tag="040"><subfield code="a">MQN</subfield><subfield code="b">eng</subfield><subfield code="c">MQN</subfield><subfield code="d">OCLCQ</subfield></datafield><datafield ind1=" " ind2=" " tag="042"><subfield code="a">msc</subfield></datafield><datafield ind1="0" ind2=" " tag="130"><subfield code="a">Palmyra spectator (Palmyra, Mo. : 1955)</subfield></datafield><datafield ind1="1" ind2="4" tag="245"><subfield code="a">The Palmyra spectator.</subfield></datafield><datafield ind1=" " ind2=" " tag="260"><subfield code="a">Palmyra, Marion County, Mo. :</subfield><subfield code="b">Spectator Pub. Co.,</subfield><subfield code="c">1955-</subfield></datafield><datafield ind1=" " ind2=" " tag="300"><subfield code="a">v.</subfield></datafield><datafield ind1=" " ind2=" " tag="310"><subfield code="a">Weekly</subfield></datafield><datafield ind1="0" ind2=" " tag="362"><subfield code="a">Vol. 117, no. 19 (Dec. 8, 1955)-</subfield></datafield><datafield ind1=" " ind2=" " tag="752"><subfield code="a">United States</subfield><subfield code="b">Missouri</subfield><subfield code="c">Marion</subfield><subfield code="d">Palmyra.</subfield></datafield><datafield ind1="0" ind2="0" tag="780"><subfield code="t">Palmyra spectator and Marion County standard</subfield><subfield code="w">(DLC)sn 89067572</subfield></datafield></record>